<?xml version="1.0" encoding="UTF-8"?><record xmlns="http://www.loc.gov/MARC21/slim" xmlns:cinclude="http://apache.org/cocoon/include/1.0" xmlns:zs="http://www.loc.gov/zing/srw/">
  <leader>00421nz  a2200121n  4500</leader>
  <controlfield tag="001">n  86028456 </controlfield>
  <controlfield tag="003">DLC</controlfield>
  <controlfield tag="005">19870527060249.9</controlfield>
  <controlfield tag="008">870324n| acannaab|          |n aaa |||  </controlfield>
  <datafield tag="010" ind1=" " ind2=" ">
    <subfield code="a">n  86028456 </subfield>
  </datafield>
  <datafield tag="040" ind1=" " ind2=" ">
    <subfield code="a">DLC</subfield>
    <subfield code="c">DLC</subfield>
  </datafield>
  <datafield tag="100" ind1="1" ind2="0">
    <subfield code="a">Moschōnas, Antōnios I.</subfield>
  </datafield>
  <datafield tag="670" ind1=" " ind2=" ">
    <subfield code="a">His Historia tēs organōseōs tēs Anōtatēs Stratou Hygeionomikēs Epitropēs, 1973:</subfield>
    <subfield code="b">t.p. (Antōnios I. Moschōnas, E.A. hypostratēgos-iatros)</subfield>
  </datafield>
</record>